<?xml version="1.0" encoding="UTF-8"?><collection xmlns="http://www.loc.gov/MARC21/slim"><record><leader>00495nam--2200145-i-4500</leader><controlfield tag="001">000041169</controlfield><controlfield tag="002">20161230</controlfield><controlfield tag="005">20161230201043</controlfield><controlfield tag="008">060222s1000------------r-----000-0-eng-d</controlfield><datafield ind1=" " ind2=" " tag="080"><subfield code="a">621.375.9</subfield></datafield><datafield ind1=" " ind2=" " tag="100"><subfield code="a">Seelig, Wolgang</subfield></datafield><datafield ind1=" " ind2=" " tag="245"><subfield code="a">Berechnung und experiementeller vergleich von besetzungsdichten und strahlungsleistungen fur ionenlaserubergange in der wandstabilisierten niederdruckbogensaule mit grossem durchmesser</subfield></datafield><datafield ind1=" " ind2=" " tag="260"><subfield code="a">Berlin, Univ., 1969, 89p</subfield></datafield><datafield ind1=" " ind2=" " tag="490"><subfield code="a">Dissert</subfield></datafield><datafield ind1=" " ind2=" " tag="852"><subfield code="a">30816</subfield></datafield></record></collection>